@inproceedings{wangneural,
  title={Neural structure learning with stochastic differential equations},
  author={Wang, Benjie and Jennings, Joel and Gong, Wenbo},
  year={2024},
  booktitle={ICLR}
}
@book{oksendal2003stochastic,
  title={Stochastic differential equations},
  author={{\O}ksendal, Bernt and {\O}ksendal, Bernt},
  year={2003},
  publisher={Springer}
}
@inproceedings{li2020scalable,
  title={Scalable gradients for stochastic differential equations},
  author={Li, Xuechen and Wong, Ting-Kam Leonard and Chen, Ricky TQ and Duvenaud, David},
  booktitle={International Conference on Artificial Intelligence and Statistics},
  pages={3870--3882},
  year={2020},
  organization={PMLR}
}